
@book{CDIO1,
    title = "$21\_$del$\_1.$pdf (Tidligere opgave)",
    author = "Hildibjørg Didriksen and Marcus Rappenborg Kjærsgaard and Frederik Meyer Lehmann Lundsbjerg and Tobias Nyholm ​Maneschijn and Rasmus Nylander and Troels Christoffersen",
    year = "2020"
}

@book{CDIO2,
    title = "$21\_$de2$\_1.$pdf (Tidligere opgave)",
    author = "Hildibjørg Didriksen and Marcus Rappenborg Kjærsgaard and Frederik Meyer Lehmann Lundsbjerg and Tobias Nyholm ​Maneschijn and Rasmus Nylander and Troels Christoffersen",
    year = "2020"
}


@misc{UPModel,
    author = "Thalheim, B.",
    title = "Software Quality and Life Cycles",
    note = "https://www.researchgate.net/publication/221651304$\_$ oftware$\_$Quality$\_$and$\_$Life$\_$Cy cles",
    year = "(2005)",
    howpublished = "01.10-2020",
}

